@article{RotNet,
  author    = {Spyros Gidaris and
               Praveer Singh and
               Nikos Komodakis},
  title     = {Unsupervised Representation Learning by Predicting Image Rotations},
  journal   = {CoRR},
  volume    = {abs/1803.07728},
  year      = {2018},
  url       = {http://arxiv.org/abs/1803.07728},
  eprinttype = {arXiv},
  eprint    = {1803.07728},
  timestamp = {Mon, 13 Aug 2018 16:46:04 +0200},
  biburl    = {https://dblp.org/rec/journals/corr/abs-1803-07728.bib},
  bibsource = {dblp computer science bibliography, https://dblp.org}
}

@article{SimCLR,
  author    = {Ting Chen and
               Simon Kornblith and
               Mohammad Norouzi and
               Geoffrey E. Hinton},
  title     = {A Simple Framework for Contrastive Learning of Visual Representations},
  journal   = {CoRR},
  volume    = {abs/2002.05709},
  year      = {2020},
  url       = {https://arxiv.org/abs/2002.05709},
  eprinttype = {arXiv},
  eprint    = {2002.05709},
  timestamp = {Fri, 14 Feb 2020 12:07:41 +0100},
  biburl    = {https://dblp.org/rec/journals/corr/abs-2002-05709.bib},
  bibsource = {dblp computer science bibliography, https://dblp.org}
}

@article{convnet1,
  author    = {Carl Doersch and
               Abhinav Gupta and
               Alexei A. Efros},
  title     = {Unsupervised Visual Representation Learning by Context Prediction},
  journal   = {CoRR},
  volume    = {abs/1505.05192},
  year      = {2015},
  url       = {http://arxiv.org/abs/1505.05192},
  eprinttype = {arXiv},
  eprint    = {1505.05192},
  timestamp = {Fri, 05 Apr 2019 07:29:46 +0200},
  biburl    = {https://dblp.org/rec/journals/corr/DoerschGE15.bib},
  bibsource = {dblp computer science bibliography, https://dblp.org}
}

@article{convnet2,
  author    = {Mehdi Noroozi and
               Paolo Favaro},
  title     = {Unsupervised Learning of Visual Representations by Solving Jigsaw
               Puzzles},
  journal   = {CoRR},
  volume    = {abs/1603.09246},
  year      = {2016},
  url       = {http://arxiv.org/abs/1603.09246},
  eprinttype = {arXiv},
  eprint    = {1603.09246},
  timestamp = {Mon, 13 Aug 2018 16:49:09 +0200},
  biburl    = {https://dblp.org/rec/journals/corr/NorooziF16.bib},
  bibsource = {dblp computer science bibliography, https://dblp.org}
}

@misc{convnet3,
  doi = {10.48550/ARXIV.1603.08511},
  
  url = {https://arxiv.org/abs/1603.08511},
  
  author = {Zhang, Richard and Isola, Phillip and Efros, Alexei A.},
  
  keywords = {Computer Vision and Pattern Recognition (cs.CV), FOS: Computer and information sciences, FOS: Computer and information sciences},
  
  title = {Colorful Image Colorization},
  
  publisher = {arXiv},
  
  year = {2016},
  
  copyright = {arXiv.org perpetual, non-exclusive license}
}

@INPROCEEDINGS{convnet4,  author={Hadsell, R. and Chopra, S. and LeCun, Y.},  booktitle={2006 IEEE Computer Society Conference on Computer Vision and Pattern Recognition (CVPR'06)},   title={Dimensionality Reduction by Learning an Invariant Mapping},   year={2006},  volume={2},  number={},  pages={1735-1742},  doi={10.1109/CVPR.2006.100}}

@misc{convnet5,
  doi = {10.48550/ARXIV.1406.6909},
  
  url = {https://arxiv.org/abs/1406.6909},
  
  author = {Dosovitskiy, Alexey and Fischer, Philipp and Springenberg, Jost Tobias and Riedmiller, Martin and Brox, Thomas},
  
  keywords = {Machine Learning (cs.LG), Computer Vision and Pattern Recognition (cs.CV), Neural and Evolutionary Computing (cs.NE), FOS: Computer and information sciences, FOS: Computer and information sciences},
  
  title = {Discriminative Unsupervised Feature Learning with Exemplar Convolutional Neural Networks},
  
  publisher = {arXiv},
  
  year = {2014},
  
  copyright = {arXiv.org perpetual, non-exclusive license}
}

@misc{convnet6,
  doi = {10.48550/ARXIV.1807.03748},
  
  url = {https://arxiv.org/abs/1807.03748},
  
  author = {Oord, Aaron van den and Li, Yazhe and Vinyals, Oriol},
  
  keywords = {Machine Learning (cs.LG), Machine Learning (stat.ML), FOS: Computer and information sciences, FOS: Computer and information sciences},
  
  title = {Representation Learning with Contrastive Predictive Coding},
  
  publisher = {arXiv},
  
  year = {2018},
  
  copyright = {arXiv.org perpetual, non-exclusive license}
}

@misc{convnet7,
  doi = {10.48550/ARXIV.1906.00910},
  
  url = {https://arxiv.org/abs/1906.00910},
  
  author = {Bachman, Philip and Hjelm, R Devon and Buchwalter, William},
  
  keywords = {Machine Learning (cs.LG), Machine Learning (stat.ML), FOS: Computer and information sciences, FOS: Computer and information sciences},
  
  title = {Learning Representations by Maximizing Mutual Information Across Views},
  
  publisher = {arXiv},
  
  year = {2019},
  
  copyright = {arXiv.org perpetual, non-exclusive license}
}
